%% ----------------------------------------------------- Bibliogrfia -----------
% https://www.overleaf.com/learn/latex/Bibliography_management_in_LaTeX
@online{echodiscipio,
    author = "Agostino Di Scipio",
    title = "A Relational Ontology of Feedback",
    url  = "https://echo.orpheusinstituut.be/article/a-relational-ontology-of-feedback",
    addendum = "(accessed: 17.10.2022)",
    keywords = "feedback,cybernetic,echo,larsen"
}

@online{echosanfilippo,
    author = "Dario Sanfilippo",
    title = "Towards the formalisation of structurally coupling performance modalities and interfaces in human machine interaction",
    url  = "https://echo.orpheusinstituut.be/article/towards-the-formalisation-of-structurally-coupling-performance-modalities-and-interfaces-in-human-machine-interaction",
    addendum = "(accessed: 17.10.2022)",
    keywords = "feedback,cybernetic,echo,performance"
}

@online{caosvillani,
    author = "Giovanni Villani",
    title = "Caos e ordine",
    url  = "https://www.scienzainrete.it/articolo/caos-e-ordine/giovanni-villani/2011-03-28",
    addendum = "(accessed: 17.10.2022)",
    keywords = "caos,cosmos,cosmogonia,mitologia,scienza"
}

@online{Kaynbio,
    author = "",
    title = "Roland Kayn biography",
    url  = "https://kayn.nl/biography/",
    addendum = "(accessed: 17.10.2022)",
    keywords = "kayn,feedback,music,ginc"
}

@online{EMSColonia,
    author = "",
    title = "Electronic Music Studio (Colonia)",
    url  = "https://it.frwiki.wiki/wiki/Studio_de_musique_%C3%A9lectronique_(Cologne)",
    addendum = "(accessed: 17.10.2022)",
    keywords = "colonia,electronicmusic,studio,music"
}

@article{SanfilippoValle,
	author = {Dario Sanfilippo and Andrea Valle},
	title = {Feedback Systems: An Analytical Framework},
	volume = {37},
	number = {2},
	pages = {12--27},
	year = {2013},
	doi = {doi:10.1162/COMJ a 00176},
	publisher = {Massachusetts Institute of Technology.},
	issn = {},
	URL = {https://direct.mit.edu/comj/article-abstract/37/2/12/94420/Feedback-Systems-An-Analytical-Framework?redirectedFrom=PDF},
	eprint = {},
	journal = {Computer Music Journal}
}
