%% ----------------------------------------------------- Bibliogrfia -----------
% https://www.overleaf.com/learn/latex/Bibliography_management_in_LaTeX

@online{echodiscipio,
    author = "Agostino Di Scipio",
    title = "A Relational Ontology of Feedback",
    url  = "https://echo.orpheusinstituut.be/article/a-relational-ontology-of-feedback",
    addendum = "(accessed: 17.10.2022)",
    keywords = "feedback,cybernetic,echo,larsen"
}

@online{echosanfilippo,
    author = "Dario Sanfilippo",
    title = "Towards the formalisation of structurally coupling performance modalities and interfaces in human machine interaction",
    url  = "https://echo.orpheusinstituut.be/article/towards-the-formalisation-of-structurally-coupling-performance-modalities-and-interfaces-in-human-machine-interaction",
    addendum = "(accessed: 17.10.2022)",
    keywords = "feedback,cybernetic,echo,performance"
}

@online{caosvillani,
    author = " Giovanni Villani",
    title = "Caos e ordine",
    url  = "https://www.scienzainrete.it/articolo/caos-e-ordine/giovanni-villani/2011-03-28",
    addendum = "(accessed: 17.10.2022)",
    keywords = "caos,cosmos,cosmogonia,mitologia,scienza"
}

@article{Hasselmo5249,
	author = {Hasselmo, ME and Schnell, E and Barkai, E},
	title = {Dynamics of learning and recall at excitatory recurrent synapses and cholinergic modulation in rat hippocampal region CA3},
	volume = {15},
	number = {7},
	pages = {5249--5262},
	year = {1995},
	doi = {10.1523/JNEUROSCI.15-07-05249.1995},
	publisher = {Society for Neuroscience},
	issn = {0270-6474},
	URL = {https://www.jneurosci.org/content/15/7/5249},
	eprint = {https://www.jneurosci.org/content/15/7/5249.full.pdf},
	journal = {Journal of Neuroscience}
}

@article{Giovanni1,
	author = {HG, ME and Schnell, E and Barkai, E},
	title = {Dynamics of learning and recall at excitatory recurrent synapses and cholinergic modulation in rat hippocampal region CA3},
	volume = {15},
	number = {7},
	pages = {5249--5262},
	year = {1995},
	doi = {10.1523/JNEUROSCI.15-07-05249.1995},
	publisher = {Society for Neuroscience},
	issn = {0270-6474},
	URL = {https://www.jneurosci.org/content/15/7/5249},
	eprint = {https://www.jneurosci.org/content/15/7/5249.full.pdf},
	journal = {Journal of Neuroscience}
}
