
@book{boccara_modeling_2010,
	address = {New York, NY},
	series = {Graduate {Texts} in {Physics}},
	title = {Modeling {Complex} {Systems}},
	isbn = {978-1-4419-6561-5 978-1-4419-6562-2},
	url = {http://link.springer.com/10.1007/978-1-4419-6562-2},
	language = {en},
	urldate = {2022-11-22},
	publisher = {Springer New York},
	author = {Boccara, Nino},
	year = {2010},
	doi = {10.1007/978-1-4419-6562-2},
	file = {Boccara - 2010 - Modeling Complex Systems.pdf:files/162/Boccara - 2010 - Modeling Complex Systems.pdf:application/pdf},
}

@book{del_duca_musica_1987,
	address = {Padova},
	edition = {1a ed},
	series = {Strumenti della musica},
	title = {Musica digitale: sintesi, analisi e filtraggio digitale nella musica elettronica},
	isbn = {978-88-7021-309-6},
	shorttitle = {Musica digitale},
	language = {it},
	number = {15},
	publisher = {F. Muzzio},
	author = {Del Duca, Lindoro Massimo},
	year = {1987},
	keywords = {Computer music, Computer sound processing, Instruction and study},
	file = {Del Duca - 1987 - Musica digitale sintesi, analisi e filtraggio dig.pdf:files/166/Del Duca - 1987 - Musica digitale sintesi, analisi e filtraggio dig.pdf:application/pdf},
}

@book{di_scipio_pensare_2013,
	address = {Napoli},
	title = {Pensare le tecnologie del suono e della musica},
	isbn = {978-88-6342-470-6},
	language = {it},
	publisher = {Editoriale scientifica},
	author = {Di Scipio, Agostino},
	year = {2013},
	note = {OCLC: 844695361},
	file = {Di Scipio - 2013 - Pensare le tecnologie del suono e della musica.pdf:files/168/Di Scipio - 2013 - Pensare le tecnologie del suono e della musica.pdf:application/pdf},
}

@book{eimert_periodical_nodate,
	title = {A periodical devoted to developments in contemporary music},
	language = {en},
	author = {Eimert, Edited Herbert and Stockhausen, Karlheinz},
	pages = {39},
	file = {Eimert e Stockhausen - A periodical devoted to developments in contempora.pdf:files/171/Eimert e Stockhausen - A periodical devoted to developments in contempora.pdf:application/pdf},
}

@book{fisher_flatline_2018,
	address = {New York, New York},
	title = {Flatline constructs: gothic materialism and cybernetic theory-fiction},
	isbn = {978-0-692-06605-8},
	shorttitle = {Flatline constructs},
	language = {en},
	publisher = {Exmilitary Press},
	author = {Fisher, Mark},
	year = {2018},
	note = {OCLC: 1089256062},
	file = {Fisher - 2018 - Flatline constructs gothic materialism and cybern.pdf:files/173/Fisher - 2018 - Flatline constructs gothic materialism and cybern.pdf:application/pdf},
}

@book{hayles_how_1999,
	address = {Chicago, Ill},
	title = {How we became posthuman: virtual bodies in cybernetics, literature, and informatics},
	isbn = {978-0-226-32145-5 978-0-226-32146-2},
	shorttitle = {How we became posthuman},
	language = {en},
	publisher = {University of Chicago Press},
	author = {Hayles, N. Katherine},
	year = {1999},
	keywords = {Artificial intelligence, Computer science, Cybernetics, Virtual reality, Virtual reality in literature},
	file = {Hayles - 1999 - How we became posthuman virtual bodies in cyberne.pdf:files/175/Hayles - 1999 - How we became posthuman virtual bodies in cyberne.pdf:application/pdf},
}

@book{lucier_music_2012,
	address = {Middletown, Connecticut},
	title = {Music 109: notes on experimental music},
	isbn = {978-0-8195-7297-4 978-0-8195-7298-1},
	shorttitle = {Music 109},
	language = {en},
	publisher = {Wesleyan University Press},
	author = {Lucier, Alvin},
	year = {2012},
	note = {OCLC: ocn779740362},
	keywords = {Avant-garde (Music), Lucier, Alvin},
	file = {Lucier - 2012 - Music 109 notes on experimental music.pdf:files/178/Lucier - 2012 - Music 109 notes on experimental music.pdf:application/pdf},
}

@book{brookes_ellis_nodate,
	title = {{ELLIS} {HORWOOD} {LIMITED}},
	language = {en},
	author = {Brookes, W M and Rand, D},
	pages = {303},
	file = {Brookes e Rand - ELLIS HORWOOD LIMITED.pdf:files/180/Brookes e Rand - ELLIS HORWOOD LIMITED.pdf:application/pdf},
}

@book{woodill_understanding_2005,
	title = {Understanding {Understanding}: {Essays} on {Cybernetics} and {Cognition}},
	volume = {2},
	issn = {17105668, 17105668},
	shorttitle = {Understanding {Understanding}},
	url = {https://journals.library.ualberta.ca/complicity/index.php/complicity/article/view/8737},
	doi = {10.29173/cmplct8737},
	abstract = {A review of Understanding Understanding: Essays on Cybernetics and Cognition, Heinz von Foerster, 2003. New York: Springer-Verlag, 362pp. ISBN 0387953922. \$64.95 USD.},
	language = {en},
	number = {1},
	urldate = {2022-11-22},
	journal = {Complicity: An International Journal of Complexity and Education},
	author = {Woodill, Gary},
	month = dec,
	year = {2005},
	file = {Woodill - 2005 - Understanding Understanding Essays on Cybernetics.pdf:files/182/Woodill - 2005 - Understanding Understanding Essays on Cybernetics.pdf:application/pdf},
}

@book{wiener_introduzione_nodate,
	title = {{INTRODUZIONE} {ALLA} {CIBERNETICA}},
	language = {it},
	author = {Wiener, Norbert},
	pages = {237},
	file = {Wiener - INTRODUZIONE ALLA CIBERNETICA.pdf:files/184/Wiener - INTRODUZIONE ALLA CIBERNETICA.pdf:application/pdf},
}
