
@article{di_scipio_relational_2022,
	title = {A {Relational} {Ontology} of {Feedback}},
	issn = {2736-5824},
	url = {https://echo.orpheusinstituut.be/article/a-relational-ontology-of-feedback},
	doi = {10.47041/TKUL7223},
	language = {en},
	number = {3},
	urldate = {2022-11-22},
	journal = {ECHO, a journal of music, thought and technology},
	author = {Di Scipio, Agostino},
	month = jan,
	year = {2022},
	file = {Di Scipio - 2022 - A Relational Ontology of Feedback.pdf:files/188/Di Scipio - 2022 - A Relational Ontology of Feedback.pdf:application/pdf},
}

@article{sanfilippo_towards_2022,
	title = {Towards the formalisation of structurally-coupling performance modalities and interfaces in human-machine interaction},
	issn = {2736-5824},
	url = {https://echo.orpheusinstituut.be/article/towards-the-formalisation-of-structurally-coupling-performance-modalities-and-interfaces-in-human-machine-interaction},
	doi = {10.47041/WRST7328},
	language = {en},
	number = {3},
	urldate = {2022-11-22},
	journal = {ECHO, a journal of music, thought and technology},
	author = {Sanfilippo, Dario},
	month = jan,
	year = {2022},
	file = {Sanfilippo - 2022 - Towards the formalisation of structurally-coupling.pdf:files/189/Sanfilippo - 2022 - Towards the formalisation of structurally-coupling.pdf:application/pdf},
}
